<record><leader>00000cas a2200000 a 4500</leader><controlfield tag="001">30062754</controlfield><controlfield tag="008">940331d18uu1uuuiluwr ne      0   b0nor c</controlfield><datafield ind1=" " ind2=" " tag="010"><subfield code="a">sn 94054694 </subfield></datafield><datafield ind1=" " ind2=" " tag="040"><subfield code="a">NVF</subfield><subfield code="b">eng</subfield><subfield code="c">NVF</subfield><subfield code="d">OCL</subfield><subfield code="d">OCLCQ</subfield><subfield code="d">OCLCF</subfield><subfield code="d">OCLCO</subfield><subfield code="d">NVF</subfield><subfield code="d">OCLCO</subfield><subfield code="d">OCL</subfield></datafield><datafield ind1=" " ind2=" " tag="042"><subfield code="a">pcc</subfield></datafield><datafield ind1=" " ind2=" " tag="043"><subfield code="a">e------</subfield></datafield><datafield ind1="0" ind2=" " tag="130"><subfield code="a">Skandinaven (Chicago, Ill. : European ed.)</subfield></datafield><datafield ind1="1" ind2="0" tag="245"><subfield code="a">Skandinaven.</subfield></datafield><datafield ind1=" " ind2=" " tag="250"><subfield code="a">[European ed.].</subfield></datafield><datafield ind1=" " ind2=" " tag="260"><subfield code="a">Chicago, Ill. :</subfield><subfield code="b">Skandinaven</subfield></datafield><datafield ind1=" " ind2=" " tag="300"><subfield code="a">volumes</subfield></datafield><datafield ind1=" " ind2=" " tag="310"><subfield code="a">Weekly</subfield></datafield><datafield ind1=" " ind2=" " tag="546"><subfield code="a">In Norwegian.</subfield></datafield><datafield ind1=" " ind2=" " tag="588"><subfield code="a">Description based on: 11te Aargang, no. 19 (14 sept. 1876).</subfield></datafield><datafield ind1=" " ind2=" " tag="588"><subfield code="a">Latest issue consulted: 11te Aargang, no. 19 (14 sept. 1876).</subfield></datafield><datafield ind1=" " ind2="0" tag="650"><subfield code="a">Scandinavians</subfield><subfield code="z">Europe</subfield><subfield code="v">Newspapers.</subfield></datafield><datafield ind1=" " ind2="0" tag="650"><subfield code="a">Scandinavian Americans</subfield><subfield code="z">Europe</subfield><subfield code="v">Newspapers.</subfield></datafield><datafield ind1=" " ind2="0" tag="650"><subfield code="a">Scandinavian American newspapers</subfield><subfield code="z">Europe</subfield><subfield code="v">Newspapers.</subfield></datafield><datafield ind1=" " ind2="0" tag="651"><subfield code="a">Europe</subfield><subfield code="v">Newspapers.</subfield></datafield><datafield ind1=" " ind2="7" tag="655"><subfield code="a">Newspapers.</subfield><subfield code="2">fast</subfield><subfield code="0">(OCoLC)fst01423814</subfield></datafield><datafield ind1=" " ind2="7" tag="650"><subfield code="a">Scandinavian American newspapers.</subfield><subfield code="2">fast</subfield><subfield code="0">(OCoLC)fst01106454</subfield></datafield><datafield ind1=" " ind2="7" tag="650"><subfield code="a">Scandinavian Americans.</subfield><subfield code="2">fast</subfield><subfield code="0">(OCoLC)fst01106373</subfield></datafield><datafield ind1=" " ind2="7" tag="650"><subfield code="a">Scandinavians.</subfield><subfield code="2">fast</subfield><subfield code="0">(OCoLC)fst01106459</subfield></datafield><datafield ind1=" " ind2="7" tag="651"><subfield code="a">Europe.</subfield><subfield code="2">fast</subfield><subfield code="0">(OCoLC)fst01245064</subfield></datafield><datafield ind1=" " ind2=" " tag="752"><subfield code="a">United States</subfield><subfield code="b">Illinois</subfield><subfield code="c">Cook County</subfield><subfield code="d">Chicago.</subfield></datafield></record>